@BOOK{LIBRO,
AUTHOR="Hopcroft, John E. and Motwani, Rajeev and Ullman, Jeffrey D.",
TITLE="Introducci\'on a La Teor\'ia De Aut\'omatas, Lenguajes Y Computaci\'on",
PUBLISHER="Addison-Wesley",
YEAR="2007",
},
@BOOK{PAGINA,
 author = {{Reyes Gómez, D.}},
 title = {{Descripción y Aplicaciones de los Autómatas Celulares}},
 year = "2011",
 publisher = "cinvestav"
},
