@MISC{WEB,
	AUTHOR = {Flower, Daniel S.},
	TITLE = {{Macy Conferences on Cybernetics 1946 to 1953}},
	PUBLISHER = {Tek Eye},
	YEAR = {2016},	
	howpublished = "\url{https://tekeye.uk/computer_history/macy-conferences}", 
	note  = "[Consultado: 2018-08-26]",
}
