@MISC{navarra,
    TITLE = {{Doctorado en Sistemas Complejos}},
    PUBLISHER = {Universidad de Navarra},
    howpublished = "\url{https://www.unav.edu/web/estudios/doctorados/presentacion?titulacionId=266}", 
    note  = "[Consultado: 2018-08-29]",
},
@MISC{madrid,
    TITLE = {{Doctorado en Sistemas Complejos}},
    PUBLISHER = {Universidad Politécnica de Madrid},
    howpublished = "\url{http://www.gsc.upm.es/doctorado_sc/descripcion.html}", 
    note  = "[Consultado: 2018-08-29]",
},
@MISC{uno,
    TITLE = {{Masters in Complex Systems and Data Science}},
    PUBLISHER = {The University of Vermont Complex Systems Center},
    howpublished = "\url{https://www.uacm.edu.mx/posgrado/cienciasdelacomplejidad}", 
    note  = "[Consultado: 2018-08-29]",
},
@MISC{dos,
    TITLE = {{Doctorado en Sistemas Complejos}},
    PUBLISHER = {Universidad Politécnica de Madrid},
    howpublished = "\url{http://vermontcomplexsystems.org/education/masters/}", 
    note  = "[Consultado: 2018-08-29]",
},
@MISC{tres,
    TITLE = {{Physics of Complex Systems}},
    PUBLISHER = {Universitat de les Illes Balears},
    howpublished = "\url{https://ifisc.uib-csic.es/master/}", 
    note  = "[Consultado: 2018-08-29]",
},
@MISC{cuatro,
    TITLE = {{Physics of Complex Systems, M.Sc.}},
    PUBLISHER = {Studyportals Master},
    howpublished = "\url{https://www.mastersportal.com/studies/16168/physics-of-complex-systems.html}", 
    note  = "[Consultado: 2018-08-29]",
},
@MISC{cinco,
    TITLE = {{International Master, Physics of Complex Systems}},
    PUBLISHER = {International Centre for Theorical Phsysics},
    howpublished = "\url{https://www.ictp.it/programmes/complex-systems.aspx}", 
    note  = "[Consultado: 2018-08-29]",
},
@MISC{seis,
    TITLE = {{Master of Complex Systems}},
    PUBLISHER = {The University of Sydney},
    howpublished = "\url{https://sydney.edu.au/courses/courses/pc/master-of-complex-systems.html}", 
    note  = "[Consultado: 2018-08-29]",
}





