@misc{HORMIGA,
    AUTHOR = {Sancho Caparrini, F.},
    TITLE = {Algoritmos de hormigas y el problema del viajante },
    PUBLISHER = {Universidad de Sevilla},
    YEAR = {2016},	
    howpublished = "\url{http://www.cs.us.es/~fsancho/?e=71}", 
    note = "[Consultado: 2018-11-07]",
},
@misc{GEN,	
    howpublished = "\url{http://www.sc.ehu.es/ccwbayes/docencia/mmcc/docs/temageneticos.pdf}", 
    note = "[Consultado: 2018-11-07]",
},
@misc{FRACTAL,
    AUTHOR = {Barrallo Calonge, J.},
    TITLE = {Geometría fractal: algoritmos y creación artística},
    PUBLISHER = {Universidad de Valencia},
    YEAR = {2013},	
    howpublished = "\url{http://www.cs.us.es/~fsancho/?e=71}", 
    note = "[Consultado: 2018-11-07]",
},
@misc{PARTICULA,
    AUTHOR = {Sancho Caparrini, F.},
    TITLE = {PSO: Optimización por enjambres de partículas},
    PUBLISHER = {Universidad de Sevilla},
    YEAR = {2016},	
    howpublished = "\url{http://www.cs.us.es/~fsancho/?e=71}", 
    note = "[Consultado: 2018-11-07]",
},
