@BOOK{LIBRO,
AUTHOR="Hopcroft, John E. and Motwani, Rajeev and Ullman, Jeffrey D.",
TITLE="Introducci\'on a La Teor\'ia De Aut\'omatas, Lenguajes Y Computaci\'on",
PUBLISHER="Addison-Wesley",
YEAR="2007",
},
@BOOK{PAGINA,
 author = {{Reyes Gómez, D.}},
 title = {{Descripción y Aplicaciones de los Autómatas Celulares}},
 year = "2011",
 publisher = "cinvestav"
},
@BOOK{LANGTON,
 author = {{De Felipe Vargas, D. and Sanchez Salazar C.}},
 title = {{Comportamiento colectivo no trivial implementado en robots de bajo costo: el     caso de “La hormiga de Langton”}},
 year = "2016",
 publisher = {{Instituto Politécnico Nacional}}
},

